@misc{ neo430,
	   author = "Stephan Nolting",
	   title = "The NEO430 Processor",
	   publisher = "Github",
	   journal = "GitHub repository",
	   howpublished = {\url{https://github.com/stnolting/neo430}}}

@misc{ md5Cipher,
	   author = "Joachim Strömbergson",
	   title = "md5",
	   publisher = "Github",
	   journal = "GitHub repository",
	   howpublished = {\url{https://github.com/secworks/md5}}}

@misc{ uart-for-fpga,
	   author = "Jakub Cabal",
	   title = "uart-for-fpga",
	   publisher = "Github",
	   journal = "GitHub repository",
	   howpublished = {\url{https://github.com/jakubcabal/uart-for-fpga}}}


@MastersThesis{Gillela2019thesis,
AUTHOR = "Gillela, Maruthi",
TITLE = "Parallelization of brute force attack on MD5 hash algorithm in FPGA [online]",
YEAR = "2019 [cit. 2023-02-04]",
TYPE = "Diplomová práce",
SCHOOL = "Masarykova univerzita, Fakulta informatiky, Brno",
NOTE = "SUPERVISOR : Václav Přenosil",
URL = "https://is.muni.cz/th/xa53n/",
}
